% https://ieeexplore.ieee.org/abstract/document/4413008
@INPROCEEDINGS{4413008,
    author = {Moser, Andreas and Kruegel, Christopher and Kirda, Engin},
    booktitle = {Twenty-Third Annual Computer Security Applications Conference (ACSAC 2007)}, 
    title = {Limits of Static Analysis for Malware Detection}, 
    year = {2007},
    volume = {},
    number = {},
    pages = {421-430},
    doi = {10.1109/ACSAC.2007.21}
}

% https://dl.acm.org/doi/abs/10.1145/3329786
@article{10.1145/3329786,
    author = {Or-Meir, Ori and Nissim, Nir and Elovici, Yuval and Rokach, Lior},
    title = {Dynamic Malware Analysis in the Modern Era—A State of the Art Survey},
    year = {2019},
    issue_date = {September 2020},
    publisher = {Association for Computing Machinery},
    address = {New York, NY, USA},
    volume = {52},
    number = {5},
    issn = {0360-0300},
    url = {https://doi.org/10.1145/3329786},
    doi = {10.1145/3329786},
    journal = {ACM Comput. Surv.},
    month = {sep},
    articleno = {88},
    numpages = {48},
    keywords = {detection, Dynamic analysis, evasion, malware, behavioral analysis}
}

% https://upx.github.io/
@online{upx,
    author = {The UPX Team},
    title = {UPX: the Ultimate Packer for eXecutables},
    url = {https://upx.github.io/},
    year = {2023},
    month = {April},
    day = {02},
    note = {UPX - https://upx.github.io/},
}

% https://platform.openai.com/docs/models/gpt-3-5
@online{openai,
    author = {OpenAI},
    title = {GPT-3.5 - OpenAI},
    url = {https://platform.openai.com/docs/models/gpt-3-5},
    year = {2023},
    month = {April},
    day = {02},
    note = {GPT-3.5 - https://platform.openai.com/docs/models/gpt-3-5},
}

% https://sandboxie-plus.com/sandboxie/
@online{sandboxie,
    author = {Xanasoft},
    title = {Sandboxie - Xanasoft},
    url = {https://sandboxie-plus.com/sandboxie/},
    year = {2023},
    month = {April},
    day = {04},
    note = {Sandboxie - https://sandboxie-plus.com/sandboxie/},
}

% https://racket-lang.org/
@online{racket,
    author = {PLT Inc.},
    title = {Racket - PLT Inc.},
    url = {https://racket-lang.org/},
    year = {2023},
    month = {April},
    day = {10},
    note = {Racket - https://racket-lang.org/},
}

% https://learn.microsoft.com/en-us/sysinternals/downloads/procmon
@online{procmon,
    author = {Microsoft},
    title = {Process Monitor - Microsoft},
    url = {https://learn.microsoft.com/en-us/sysinternals/downloads/procmon},
    year = {2023},
    month = {April},
    day = {04},
    note = {Process Monitor - https://learn.microsoft.com/en-us/sysinternals/downloads/procmon},
}

% https://cwiki.apache.org/confluence/display/couchdb/introduction
@online{couchdb,
    author = {CouchDB Team},
    title = {CouchDB},
    url = {https://cwiki.apache.org/confluence/display/couchdb/introduction},
    year = {2023},
    month = {April},
    day = {10},
    note = {CouchDB - https://cwiki.apache.org/confluence/display/couchdb/introduction},
}

% https://stackoverflow.com/questions/74089014/how-to-parse-a-packet-of-unkown-size-from-tcp-socket-in-c
@online{chqrlie:2022,
    author = {chqrlie},
    title = {Simple method to read a packet from a TCP socket in C},
    url = {https://stackoverflow.com/a/74089089},
    year = {2022},
    month = {October},
    day = {16},
    note = {Stack Overflow - https://stackoverflow.com/a/74089089},
}

% https://www.ecma-international.org/publications-and-standards/standards/ecma-404/
@online{ECMA-404,
    author = {ECMA International},
    title = {The JSON data interchange syntax},
    year = {2017},
    url = {https://www.ecma-international.org/publications-and-standards/standards/ecma-404/},
    urldate = {2023-03-23},
    organization = {ECMA International},
    publisher = {ECMA International},
    note = {ECMA International - https://www.ecma-international.org/publications-and-standards/standards/ecma-404/}
}

% https://262.ecma-international.org/6.0/
@online{ES6,
    author = {ECMA International},
    title = {ECMAScript® 2015 Language Specification},
    year = {2015},
    url = {https://262.ecma-international.org/6.0/},
    urldate = {2015-06-17},
    organization = {ECMA International},
    publisher = {ECMA International},
    note = {ECMA International - https://262.ecma-international.org/6.0/}
}

% https://www.ics.uci.edu/~fielding/pubs/dissertation/rest_arch_style.htm
@online{REST,
    author = {Roy Thomas Fielding},
    title = {Architectural Styles and
    the Design of Network-based Software Architectures},
    url = {https://www.ics.uci.edu/~fielding/pubs/dissertation/rest_arch_style.htm},
    organization = {Roy Thomas Fielding},
    publisher = {Roy Thomas Fielding},
    note = {Roy Thomas Fielding -
    https://www.ics.uci.edu/~fielding/pubs/dissertation/rest\_arch\_style.htm}
}

% https://www.clamav.net/
@online{clamav,
    author = {Cisco},
    title = {ClamAV},
    url = {https://www.clamav.net/},
    organization = {Cisco},
    publisher = {Cisco},
    note = {ClamAV -
    https://www.clamav.net/}
}

% https://pyinstaller.org/en/stable/usage.html
@online{pyinstaller,
    author = {PyInstaller},
    title = {Using PyInstaller},
    url = {https://pyinstaller.org/en/stable/usage.html},
    organization = {PyInstaller},
    publisher = {PyInstaller},
    note = {PyInstaller -
    https://pyinstaller.org/en/stable/usage.html}
}

% https://owasp.org/www-community/attacks/xss/
@online{XSS,
    author = {The OWASP® Foundation},
    title = {Cross Site Scripting (XSS)},
    url = {https://owasp.org/www-community/attacks/xss/},
    organization = {The OWASP® Foundation},
    publisher = {The OWASP® Foundation},
    note = {The OWASP® Foundation - https://owasp.org/www-community/attacks/xss/}
}

% https://docs.trendmicro.com/all/ent/de/v1.5/en-us/de_1.5_olh/ctm_ag/ctm1_ag_ch8/t_test_eicar_file.htm
@online{EICAR,
    author = {Trend Micro Incorporated},
    title = {EICAR Test File},
    url = {https://docs.trendmicro.com/all/ent/de/v1.5/en-us/de\_1.5\_olh/ctm\_ag/ctm1\_ag\_ch8/t\_test\_eicar\_file.htm},
    organization = {Trend Micro Incorporated},
    publisher = {Trend Micro Incorporated},
    note = {EICAR Test File - https://docs.trendmicro.com/all/ent/de/v1.5/en-us/de\_1.5\_olh/ctm\_ag/ctm1\_ag\_ch8/t\_test\_eicar\_file.htm}
}